<record xmlns:xsi="http://www.w3.org/2001/XMLSchema-instance" xmlns="http://www.loc.gov/MARC21/slim" xsi:schemaLocation="http://www.loc.gov/MARC21/slim http://www.loc.gov/standards/marcxml/schema/MARC21slim.xsd">

  <leader>00759nam a2200181Ia 4500</leader>
  <datafield tag="999" ind1=" " ind2=" ">
    <subfield code="c">860</subfield>
    <subfield code="d">860</subfield>
  </datafield>
  <controlfield tag="008">170816b2005    cr ||||| |||| 00| | spa d</controlfield>
  <datafield ind2=" " ind1=" " tag="020">
    <subfield code="a">9968791075</subfield>
  </datafield>
  <datafield ind2=" " ind1=" " tag="090">
    <subfield code="a">15.04.03 </subfield>
    <subfield code="b">1750</subfield>
  </datafield>
  <datafield ind2=" " ind1="2" tag="110">
    <subfield code="a">Consejo Nacional de Rehabilitación y Educación Especial</subfield>
    <subfield code="9">1368</subfield>
  </datafield>
  <datafield ind1="1" tag="245" ind2="0">
    <subfield code="a">Manual para conocer la Clasificación Internacional del Funcionamiento de la Discapacidad y de la Salud /</subfield>
    <subfield code="c">Consejo Nacional de Rehabilitación y Educación Especial, Agencia de Cooperación Internacional del Japón</subfield>
  </datafield>
  <datafield ind1=" " tag="260" ind2=" ">
    <subfield code="a">Costa Rica : </subfield>
    <subfield code="b">El Consejo y la Agencia, </subfield>
    <subfield code="c">2005</subfield>
  </datafield>
  <datafield ind1=" " tag="300" ind2=" ">
    <subfield code="a">205 páginas</subfield>
  </datafield>
  <datafield tag="650" ind1="1" ind2="4">
    <subfield code="a">DISCAPACIDAD </subfield>
    <subfield code="9">477</subfield>
  </datafield>
  <datafield ind2="4" ind1="1" tag="650">
    <subfield code="a">CLASIFICACION</subfield>
  </datafield>
  <datafield ind2="4" ind1="1" tag="650">
    <subfield code="a">SALUD</subfield>
    <subfield code="9">268</subfield>
  </datafield>
  <datafield ind2=" " ind1="2" tag="710">
    <subfield code="9">2500</subfield>
    <subfield code="a">Agencia de Cooperación Internacional del Japón (JICA) </subfield>
  </datafield>
  <datafield ind1=" " tag="942" ind2=" ">
    <subfield code="2">z</subfield>
    <subfield code="c">01</subfield>
  </datafield>
</record>